@techreport{stemReport,
     title = {{Report To The President. Prepare and Inspire: K-12 Education In Science, Technology, Engineering and Math (STEM) for America's Future}},
     group = {President's Council of Advisors on Science and Technology},
     year = {2010},
     institution = {Executive Office of the President},
     month = {09},
}

@book{k12ModelCur,
     title = {{A Model Curriculum for K-12 Computer Science:Final Report of the ACM K-12 Task Force}},
     edition= {Second Edition},
   	 publisher = {Association for Computing Machinery},
	 location = {New York, USA},
	 year = 2003,
}

@misc{maketolearn,
title="Make To Learn",
key="Make To Learn",
howpublished={\url{http://m2l.indiana.edu/}},
year=2013,
note ="(Accessed: 09/12/2013)",
}

@misc{makerinitiatives,
title="Maker Education Initiative",
key = "Maker Education Initiative",
howpublished={\url{http://http://makered.org/about/}},
year=2013,
note ="(Accessed: 09/12/2013)",
}

 @book{abstracting_craft,
 author = "McCullough, M.",
 title=  "Abstracting Craft: The Practiced Digital Hand",
 publisher="The MIT Press",
 address="Cambridge, Massachusetts", 
 year=1996,
 }
 
  
 @inproceedings{on_craft,
 author = {Rosner, D.  and Ryokai, K.},
 title = {Reflections on craft: probing the creative process of everyday knitters},
 booktitle = {Proceedings of the seventh ACM conference on Creativity and cognition},
 series = {C\&\#38;C '09},
 year = {2009},
 isbn = {978-1-60558-865-0},
 location = {Berkeley, California, USA},
 pages = {195--204},
 numpages = {10},
 url = {http://doi.acm.org/10.1145/1640233.1640264},
 doi = {10.1145/1640233.1640264},
 acmid = {1640264},
 publisher = {ACM},
 address = {New York, NY, USA},
 keywords = {adoption, appropriation, craft, crafters, creativity, design process, handcraft, knitters, knitting, material, material culture},
}

